@misc{dtw_review,
    author    = {Pavel Senin},
    title     = {Dynamic Time Warping Algorithm Review},
    howpublished = "\url{seninp.github.io/assets/pubs/senin_dtw_litreview_2008.pdf}" ,
    year     = "2008",
    month    = "December",
}