@booklet{who_cardiovascular,
    author   = "здравоохранения {Всемирная организация}",
    title     = "Профилактика сердечно-сосудистых заболеваний",
    howpublished   = "\url{http://www.who.int/publications/list/PocketGL_Russian.pdf}",
    year      = "2007",
}

@booklet{who_russia_profile,
    author   = "здравоохранения {Всемирная организация}",
    title     = "Russian Federation: WHO statistical profile",
    howpublished   = "\url{http://www.who.int/gho/countries/rus.pdf}",
    year      = "2013",
}

%pages={31--35}, - or set pages for everything ?
@inproceedings{applications_falls,
  title={A smartphone based fall detector with online location support},
  author={Yavuz, Gokhan and Kocak, Mustafa and Ergun, Gokberk and Alemdar, Hande Ozgur and Yalcin, Hulya and Incel, Ozlem Durmaz and Ersoy, Cem},
  booktitle={International Workshop on Sensing for App Phones; Zurich, Switzerland},
  year={2010}
}

@inproceedings{applications_parkinson,
  title={GaitAssist: A wearable assistant for gait training and rehabilitation in Parkinson's disease},
  author={Mazilu, Sinziana and Blanke, Ulf and Hardegger, Michael and Tr{\"o}ster, Gerhard and Gazit, Eran and Dorfman, Moran and Hausdorff, Jeffrey M},
  booktitle={Pervasive Computing and Communications Workshops (PERCOM Workshops), 2014 IEEE International Conference on},
  pages={135--137},
  year={2014},
  organization={IEEE}
}

@Comment pages="17",
@Comment issn="1743-0003",
@Comment doi="10.1186/1743-0003-2-17",
@Comment url="http://dx.doi.org/10.1186/1743-0003-2-17"
@Article{applications_epileptic,
  author="Michael Sung, Carl Marci, Alex Pentland",
  title="Wearable feedback systems for rehabilitation",
  journal="Journal of NeuroEngineering and Rehabilitation",
  year="2005",
  volume="2",
  number="1",
}

%pages={510-6}
@article{applications_vr,
  title={Virtual Reality Applications for Addressing the Needs of those Aging with Disability},
  author={Albert A. Rizzo, Phil Requejo, Carolee J. Winstein et al.},
  journal={Studies in health technology and informatics},
  year={2011},
  volume={163},
}

%
% area review
%
@Inbook{review_lester,
author="Lester, Jonathan
and Choudhury, Tanzeem
and Borriello, Gaetano",
editor="Fishkin, Kenneth P.
and Schiele, Bernt
and Nixon, Paddy
and Quigley, Aaron",
title="A Practical Approach to Recognizing Physical Activities",
bookTitle="Pervasive Computing: 4th International Conference, PERVASIVE 2006, Dublin, Ireland, May 7-10, 2006. Proceedings",
year="2006",
publisher="Springer Berlin Heidelberg",
address="Berlin, Heidelberg",
pages="1--16",
isbn="978-3-540-33895-6",
doi="10.1007/11748625_1",
url="http://dx.doi.org/10.1007/11748625_1"
}

@Inbook{review_anguita,
author="Anguita, Davide
and Ghio, Alessandro
and Oneto, Luca
and Parra, Xavier
and Reyes-Ortiz, Jorge L.",
editor="Bravo, Jos{\'e}
and Herv{\'a}s, Ram{\'o}n
and Rodr{\'i}guez, Marcela",
title="Human Activity Recognition on Smartphones Using a Multiclass Hardware-Friendly Support Vector Machine",
bookTitle="Ambient Assisted Living and Home Care: 4th International Workshop, IWAAL 2012, Vitoria-Gasteiz, Spain, December 3-5, 2012. Proceedings",
year="2012",
publisher="Springer Berlin Heidelberg",
address="Berlin, Heidelberg",
pages="216--223",
isbn="978-3-642-35395-6",
doi="10.1007/978-3-642-35395-6_30",
url="http://dx.doi.org/10.1007/978-3-642-35395-6_30"
}

@article{review_garcia,
title = "Long-Term Activity Recognition from Accelerometer Data",
journal = "Procedia Technology",
volume = "7",
number = "",
pages = "248 - 256",
year = "2013",
note = "3rd Iberoamerican Conference on Electronics Engineering and Computer Science, CIIECC 2013",
issn = "2212-0173",
doi = "http://dx.doi.org/10.1016/j.protcy.2013.04.031",
url = "http://www.sciencedirect.com/science/article/pii/S2212017313000327",
author = "Enrique Garcia-Ceja and Ramon Brena",
keywords = "Activity-recognition",
keywords = "Accelerometer",
keywords = "Smartphones",
keywords = "Ambient intelligence"
}

@article{review_mitchell,
  title={Classification of sporting activities using smartphone accelerometers},
  author={Mitchell, Edmond and Monaghan, David and O'Connor, Noel E},
  journal={Sensors},
  volume={13},
  number={4},
  pages={5317--5337},
  year={2013},
  publisher={Multidisciplinary Digital Publishing Institute}
}

@article{review_mannini,
  title={Activity recognition using a single accelerometer placed at the wrist or ankle},
  author={Mannini, Andrea and Intille, Stephen S and Rosenberger, Mary and Sabatini, Angelo M and Haskell, William},
  journal={Medicine and science in sports and exercise},
  volume={45},
  number={11},
  pages={2193},
  year={2013},
  publisher={NIH Public Access}
}

@Inbook{review_lee,
author="Lee, Young-Seol
and Cho, Sung-Bae",
editor="Corchado, Emilio
and Kurzy{\'{n}}ski, Marek
and Wo{\'{z}}niak, Micha{\l}",
title="Activity Recognition Using Hierarchical Hidden Markov Models on a Smartphone with 3D Accelerometer",
bookTitle="Hybrid Artificial Intelligent Systems: 6th International Conference, HAIS 2011, Wroclaw, Poland, May 23-25, 2011, Proceedings, Part I",
year="2011",
publisher="Springer Berlin Heidelberg",
address="Berlin, Heidelberg",
pages="460--467",
isbn="978-3-642-21219-2",
doi="10.1007/978-3-642-21219-2_58",
url="http://dx.doi.org/10.1007/978-3-642-21219-2_58"
}




